@article{bhat2017improving,
  title={Improving Transition-Based Dependency Parsing of Hindi and Urdu by Modeling Syntactically Relevant Phenomena},
  author={Bhat, Riyaz Ahmad and Bhat, Irshad Ahmad and Sharma, Dipti Misra},
  journal={ACM Transactions on Asian and Low-Resource Language Information Processing (TALLIP)},
  volume={16},
  number={3},
  pages={17},
  year={2017},
  publisher={ACM}
}

@article{chowdhury2003natural,
  title={Natural language processing},
  author={Chowdhury, Gobinda G},
  journal={Annual review of information science and technology},
  volume={37},
  number={1},
  pages={51--89},
  year={2003},
  publisher={Wiley Online Library}
}

@inproceedings{chopra2016named,
  title={Named Entity Recognition in Hindi Using Conditional Random Fields},
  author={Chopra, Deepti and Joshi, Nisheeth and Mathur, Iti},
  booktitle={Proceedings of the Second International Conference on Information and Communication Technology for Competitive Strategies},
  pages={106},
  year={2016},
  organization={ACM}
}

@article{krishnamurthi2016understanding,
  title={Understanding Document Semantics from Summaries: A Case Study on Hindi Texts},
  author={Krishnamurthi, Karthik and Panuganti, Vijayapal Reddy and Bulusu, Vishnu Vardhan},
  journal={ACM Transactions on Asian and Low-Resource Language Information Processing (TALLIP)},
  volume={16},
  number={1},
  pages={7},
  year={2016},
  publisher={ACM}
}

@article{kumari2015improving,
  title={Improving Telugu dependency parsing using combinatory categorial grammar supertags},
  author={Kumari, B and Rao, Ramisetty Rajeshwara},
  journal={ACM Transactions on Asian and Low-Resource Language Information Processing},
  volume={14},
  number={1},
  pages={3},
  year={2015},
  publisher={ACM}
}

@inproceedings{moldovan2004models,
  title={Models for the semantic classification of noun phrases},
  author={Moldovan, Dan and Badulescu, Adriana and Tatu, Marta and Antohe, Daniel and Girju, Roxana},
  booktitle={Proceedings of the HLT-NAACL Workshop on Computational Lexical Semantics},
  pages={60--67},
  year={2004},
  organization={Association for Computational Linguistics}
}

@inproceedings{wongso2016literature,
  title={A literature review of question answering system using Named Entity Recognition},
  author={Wongso, Rini and Suhartono, Derwin and others},
  booktitle={Information Technology, Computer, and Electrical Engineering (ICITACEE), 2016 3rd International Conference on},
  pages={274--277},
  year={2016},
  organization={IEEE}
}

@inproceedings{singh2014naive,
  title={Na{\"\i}ve Bayes classifier for hindi word sense disambiguation},
  author={Singh, Satyendr and Siddiqui, Tanveer J and Sharma, Sunil K},
  booktitle={Proceedings of the 7th ACM India Computing Conference},
  pages={1},
  year={2014},
  organization={ACM}
}

@article{sekine2003hindi,
  title={Hindi-English cross-lingual question-answering system},
  author={Sekine, Satoshi and Grishman, Ralph},
  journal={ACM Transactions on Asian Language Information Processing (TALIP)},
  volume={2},
  number={3},
  pages={181--192},
  year={2003},
  publisher={ACM}
}

@article{saha2009feature,
  title={Feature selection techniques for maximum entropy based biomedical named entity recognition},
  author={Saha, Sujan Kumar and Sarkar, Sudeshna and Mitra, Pabitra},
  journal={Journal of biomedical informatics},
  volume={42},
  number={5},
  pages={905--911},
  year={2009},
  publisher={Elsevier}
}

@inproceedings{zhang2007recognition,
  title={Recognition and classification of noun phrases in queries for effective retrieval},
  author={Zhang, Wei and Liu, Shuang and Yu, Clement and Sun, Chaojing and Liu, Fang and Meng, Weiyi},
  booktitle={Proceedings of the sixteenth ACM conference on Conference on information and knowledge management},
  pages={711--720},
  year={2007},
  organization={ACM}
}

@inproceedings{brill1992simple,
  title={A simple rule-based part of speech tagger},
  author={Brill, Eric},
  booktitle={Proceedings of the workshop on Speech and Natural Language},
  pages={112--116},
  year={1992},
  organization={Association for Computational Linguistics}
}

@incollection{brill1999unsupervised,
  title={Unsupervised learning of disambiguation rules for part-of-speech tagging},
  author={Brill, Eric and Pop, Mihai},
  booktitle={Natural language processing using very large corpora},
  pages={27--42},
  year={1999},
  publisher={Springer}
}

@article{patel2015question,
  title={Question Answering System for Yioop},
  author={Patel, Niravkumar},
  year={2015}
}

@inproceedings{garg2012rule,
  title={Rule Based Hindi Part of Speech Tagger.},
  author={Garg, Navneet and Goyal, Vishal and Preet, Suman},
  booktitle={COLING (Demos)},
  pages={163--174},
  year={2012}
}

@article{dalal2006hindi,
  title={Hindi part-of-speech tagging and chunking: A maximum entropy approach},
  author={Dalal, Aniket and Nagaraj, Kumar and Sawant, Uma and Shelke, Sandeep},
  journal={Proceeding of the NLPAI Machine Learning Competition},
  year={2006}
}

@article{simmons1970natural,
  title={Natural language question-answering systems: 1969},
  author={Simmons, Robert F},
  journal={Communications of the ACM},
  volume={13},
  number={1},
  pages={15--30},
  year={1970},
  publisher={ACM}
}

@article{waltz1978english,
  title={An English language question answering system for a large relational database},
  author={Waltz, David L},
  journal={Communications of the ACM},
  volume={21},
  number={7},
  pages={526--539},
  year={1978},
  publisher={ACM}
}

@article{high2012era,
  title={The era of cognitive systems: An inside look at ibm watson and how it works},
  author={High, Rob},
  journal={IBM Corporation, Redbooks},
  year={2012}
}

@article{bao2014knowledge,
  title={Knowledge-based question answering as machine translation},
  author={Bao, Junwei and Duan, Nan and Zhou, Ming and Zhao, Tiejun},
  journal={Cell},
  volume={2},
  number={6},
  year={2014}
}

@inproceedings{iyyer2014neural,
  title={A Neural Network for Factoid Question Answering over Paragraphs.},
  author={Iyyer, Mohit and Boyd-Graber, Jordan L and Claudino, Leonardo Max Batista and Socher, Richard and Daum{\'e} III, Hal},
  booktitle={EMNLP},
  pages={633--644},
  year={2014}
}

@inproceedings{zhang2003question,
  title={Question classification using support vector machines},
  author={Zhang, Dell and Lee, Wee Sun},
  booktitle={Proceedings of the 26th annual international ACM SIGIR conference on Research and development in informaion retrieval},
  pages={26--32},
  year={2003},
  organization={ACM}
}

@inproceedings{zheng2002answerbus,
  title={AnswerBus question answering system},
  author={Zheng, Zhiping},
  booktitle={Proceedings of the second international conference on Human Language Technology Research},
  pages={399--404},
  year={2002},
  organization={Morgan Kaufmann Publishers Inc.}
}

@inproceedings{katz1997annotating,
  title={Annotating the World Wide Web using natural language},
  author={Katz, Boris},
  booktitle={Computer-Assisted Information Searching on Internet},
  pages={136--155},
  year={1997},
  organization={LE CENTRE DE HAUTES ETUDES INTERNATIONALES D'INFORMATIQUE DOCUMENTAIRE}
}

@article{auer2007dbpedia,
  title={Dbpedia: A nucleus for a web of open data},
  author={Auer, S{\"o}ren and Bizer, Christian and Kobilarov, Georgi and Lehmann, Jens and Cyganiak, Richard and Ives, Zachary},
  journal={The semantic web},
  pages={722--735},
  year={2007},
  publisher={Springer}
}

@inproceedings{bollacker2008freebase,
  title={Freebase: a collaboratively created graph database for structuring human knowledge},
  author={Bollacker, Kurt and Evans, Colin and Paritosh, Praveen and Sturge, Tim and Taylor, Jamie},
  booktitle={Proceedings of the 2008 ACM SIGMOD international conference on Management of data},
  pages={1247--1250},
  year={2008},
  organization={AcM}
}

@inproceedings{katz1997annotating,
  title={Annotating the World Wide Web using natural language},
  author={Katz, Boris},
  booktitle={Computer-Assisted Information Searching on Internet},
  pages={136--155},
  year={1997},
  organization={LE CENTRE DE HAUTES ETUDES INTERNATIONALES D'INFORMATIQUE DOCUMENTAIRE}
}

@inproceedings{nanda2016hindi,
  title={A Hindi Question Answering System using Machine Learning approach},
  author={Nanda, Garima and Dua, Mohit and Singla, Krishma},
  booktitle={Computational Techniques in Information and Communication Technologies (ICCTICT), 2016 International Conference on},
  pages={311--314},
  year={2016},
  organization={IEEE}
}

@inproceedings{sangeetha2017information,
  title={Information retrieval system for laws},
  author={Sangeetha, D and Kavyashri, R and Swetha, S and Vignesh, S},
  booktitle={Advanced Computing (ICoAC), 2016 Eighth International Conference on},
  pages={212--217},
  year={2017},
  organization={IEEE}
}